@inproceedings{schweizer2015evaluating,
  title={Evaluating the cost of atomic operations on modern architectures},
  author={Schweizer, Hermann and Besta, Maciej and Hoefler, Torsten},
  booktitle={2015 International Conference on Parallel Architecture and Compilation PACT)},
  pages={445--456},
  year={2015},
  organization={IEEE}
}

@inproceedings{villa2008barriers,
author = {Villa, Oreste and Palermo, Gianluca and Silvano, Cristina},
title = {Efficiency and Scalability of Barrier Synchronization on NoC Based Many-Core Architectures},
year = {2008},
isbn = {9781605584690},
publisher = {Association for Computing Machinery},
address = {New York, NY, USA},
url = {https://doi-org.lib-e2.lib.ttu.edu/10.1145/1450095.1450110},
doi = {10.1145/1450095.1450110},
booktitle = {Proceedings of the 2008 International Conference on Compilers, Architectures and Synthesis for Embedded Systems},
pages = {81–90},
numpages = {10},
keywords = {Manycore, Multicore, NoC, barrier, efficiency, scalability, synchronization},
location = {Atlanta, GA, USA},
series = {CASES ’08}
}

@article{chen2017rdmahtm,
author = {Chen, Haibo and Chen, Rong and Wei, Xingda and Shi, Jiaxin and Chen, Yanzhe and Wang, Zhaoguo and Zang, Binyu and Guan, Haibing},
title = {Fast In-Memory Transaction Processing Using RDMA and HTM},
year = {2017},
issue_date = {July 2017},
publisher = {Association for Computing Machinery},
address = {New York, NY, USA},
volume = {35},
number = {1},
issn = {0734-2071},
url = {https://doi-org.lib-e2.lib.ttu.edu/10.1145/3092701},
doi = {10.1145/3092701},
journal = {ACM Trans. Comput. Syst.},
month = jul,
articleno = {Article 3},
numpages = {37},
keywords = {key-value stores, distributed transactions, hardware transactional memory, remote direct memory access, In-memory transactions}
}

@inproceedings{kalia2016rdmadesign,
author = {Kalia, Anuj and Kaminsky, Michael and Andersen, David G.},
title = {Design Guidelines for High Performance RDMA Systems},
year = {2016},
isbn = {9781931971300},
publisher = {USENIX Association},
address = {USA},
booktitle = {Proceedings of the 2016 USENIX Conference on Usenix Annual Technical Conference},
pages = {437–450},
numpages = {14},
location = {Denver, CO, USA},
series = {USENIX ATC ’16}
}

@inproceedings{leidel2018xbgas,
author = {Leidel, John D. and Wang, Xi and Conlon, Frank and Chen, Yong and Donofrio, David and Fatollahi-Fard, Farzad and Keville, Kurt},
title = {XBGAS: Toward a RISC-V ISA Extension for Global, Scalable Shared Memory},
year = {2018},
isbn = {9781450361132},
publisher = {Association for Computing Machinery},
address = {New York, NY, USA},
url = {https://doi-org.lib-e2.lib.ttu.edu/10.1145/3286475.3286478},
doi = {10.1145/3286475.3286478},
booktitle = {Proceedings of the Workshop on Memory Centric High Performance Computing},
pages = {22–26},
numpages = {5},
keywords = {shared memory, RISC-V, microarchitecture, instruction set architecture},
location = {Dallas, TX, USA},
series = {MCHPC’18}
}

@article{beamer2015gap,
  title={The GAP benchmark suite},
  author={Beamer, Scott and Asanovi{\'c}, Krste and Patterson, David},
  journal={arXiv preprint arXiv:1508.03619},
  year={2015}
}

@misc{xbgasspec,
author = {Tactical Computing Labs},
title = {RISC-V Extended Addressing Architecture Extension Specification Codenamed: xBGAS},
url = {https://github.com/tactcomplabs/xbgas-archspec}
}

@misc{openshmemspec,
author = {Open Source Software Solutions},
title = {OpenSHMEM 1.4 Specification},
url = {http://www.openshmem.org/site/sites/default/site_files/OpenSHMEM-1.4.pdf}
}

@inproceedings{rae,
	title={RAE Paper Reference Placeholder},
}

@article{blundell2006subtleties,
  title={Subtleties of transactional memory atomicity semantics},
  author={Blundell, Colin and Lewis, E Christopher and Martin, Milo MK},
  journal={IEEE Computer Architecture Letters},
  volume={5},
  number={2},
  pages={17--17},
  year={2006},
  publisher={IEEE}
}

@inproceedings{bocchino2008stm,
author = {Bocchino, Robert L. and Adve, Vikram S. and Chamberlain, Bradford L.},
title = {Software Transactional Memory for Large Scale Clusters},
year = {2008},
isbn = {9781595937957},
publisher = {Association for Computing Machinery},
address = {New York, NY, USA},
url = {https://doi.org/10.1145/1345206.1345242},
doi = {10.1145/1345206.1345242},
booktitle = {Proceedings of the 13th ACM SIGPLAN Symposium on Principles and Practice of Parallel Programming},
pages = {247–258},
numpages = {12},
keywords = {scalability, software transactional memory (stm), distributed memory architectures, clusters},
location = {Salt Lake City, UT, USA},
series = {PPoPP ’08}
}

@inproceedings{david2013sync,
author = {David, Tudor and Guerraoui, Rachid and Trigonakis, Vasileios},
title = {Everything You Always Wanted to Know about Synchronization but Were Afraid to Ask},
year = {2013},
isbn = {9781450323888},
publisher = {Association for Computing Machinery},
address = {New York, NY, USA},
url = {https://doi-org.lib-e2.lib.ttu.edu/10.1145/2517349.2522714},
doi = {10.1145/2517349.2522714},
booktitle = {Proceedings of the Twenty-Fourth ACM Symposium on Operating Systems Principles},
pages = {33–48},
numpages = {16},
location = {Farminton, Pennsylvania},
series = {SOSP ’13}
}

@article{ananian2006unbounded,
author = {Ananian, C. Scott and Asanovic, Krste and Kuszmaul, Bradley C. and Leiserson, Charles E. and Lie, Sean},
title = {Unbounded Transactional Memory},
year = {2006},
issue_date = {January 2006},
publisher = {IEEE Computer Society Press},
address = {Washington, DC, USA},
volume = {26},
number = {1},
issn = {0272-1732},
journal = {IEEE Micro},
month = jan,
pages = {59–69},
numpages = {11},
keywords = {Transactional memory, unbounded transactional memory}
}

@inproceedings{herlihy1993lockfree,
author = {Herlihy, Maurice and Moss, J. Eliot B.},
title = {Transactional Memory: Architectural Support for Lock-Free Data Structures},
year = {1993},
isbn = {0818638109},
publisher = {Association for Computing Machinery},
address = {New York, NY, USA},
url = {https://doi-org.lib-e2.lib.ttu.edu/10.1145/165123.165164},
doi = {10.1145/165123.165164},
booktitle = {Proceedings of the 20th Annual International Symposium on Computer Architecture},
pages = {289–300},
numpages = {12},
location = {San Diego, California, USA},
series = {ISCA ’93}
}

@inproceedings{blundell2005deconstructing,
  title={Deconstructing transactional semantics: The subtleties of atomicity},
  author={Blundell, Colin and Lewis, E Christopher and Martin, Milo},
  booktitle={Annual Workshop on Duplicating, Deconstructing, and Debunking (WDDD)},
  pages={48--55},
  year={2005},
  organization={Citeseer}
}

@inproceedings{baugh2008using,
  title={Using hardware memory protection to build a high-performance, strongly-atomic hybrid transactional memory},
  author={Baugh, Lee and Neelakantam, Naveen and Zilles, Craig},
  booktitle={2008 International Symposium on Computer Architecture},
  pages={115--126},
  year={2008},
  organization={IEEE}
} 

@inproceedings{hoseini2019modeling,
author = {Hoseini, Fazeleh and Atalar, Aras and Tsigas, Philippas},
title = {Modeling the Performance of Atomic Primitives on Modern Architectures},
year = {2019},
isbn = {9781450362955},
publisher = {Association for Computing Machinery},
address = {New York, NY, USA},
url = {https://doi-org.lib-e2.lib.ttu.edu/10.1145/3337821.3337901},
doi = {10.1145/3337821.3337901},
booktitle = {Proceedings of the 48th International Conference on Parallel Processing},
articleno = {Article 28},
numpages = {11},
keywords = {Synchronization, Atomic Primitives, Modeling, Performance, Concurrency, Parallel Computing},
location = {Kyoto, Japan},
series = {ICPP 2019}
}
  
@inproceedings{morrison2013queues,
author = {Morrison, Adam and Afek, Yehuda},
title = {Fast Concurrent Queues for X86 Processors},
year = {2013},
isbn = {9781450319225},
publisher = {Association for Computing Machinery},
address = {New York, NY, USA},
url = {https://doi.org/10.1145/2442516.2442527},
doi = {10.1145/2442516.2442527},
booktitle = {Proceedings of the 18th ACM SIGPLAN Symposium on Principles and Practice of Parallel Programming},
pages = {103–112},
numpages = {10},
keywords = {concurrent queue, nonblocking algorithm, fetch-and-add},
location = {Shenzhen, China},
series = {PPoPP ’13}
}

@article{murphy2010introducing,
  title={Introducing the graph 500},
  author={Murphy, Richard C and Wheeler, Kyle B and Barrett, Brian W and Ang, James A},
  journal={Cray Users Group (CUG)},
  volume={19},
  pages={45--74},
  year={2010}
}

@inproceedings{10.1145/2000064.2000108,
author = {Esmaeilzadeh, Hadi and Blem, Emily and St. Amant, Renee and Sankaralingam, Karthikeyan and Burger, Doug},
title = {Dark Silicon and the End of Multicore Scaling},
year = {2011},
isbn = {9781450304726},
publisher = {Association for Computing Machinery},
address = {New York, NY, USA},
url = {https://doi-org.lib-e2.lib.ttu.edu/10.1145/2000064.2000108},
doi = {10.1145/2000064.2000108},
booktitle = {Proceedings of the 38th Annual International Symposium on Computer Architecture},
pages = {365–376},
numpages = {12},
keywords = {power, multicore, dark silicon, technology scaling, modeling},
location = {San Jose, California, USA},
series = {ISCA ’11}
}

@article{gerstenberger2018enabling,
author = {Gerstenberger, Robert and Besta, Maciej and Hoefler, Torsten},
title = {Enabling Highly Scalable Remote Memory Access Programming with MPI-3 One Sided},
year = {2018},
issue_date = {September 2018},
publisher = {Association for Computing Machinery},
address = {New York, NY, USA},
volume = {61},
number = {10},
issn = {0001-0782},
url = {https://doi-org.lib-e2.lib.ttu.edu/10.1145/3264413},
doi = {10.1145/3264413},
journal = {Commun. ACM},
month = sep,
pages = {106–113},
numpages = {8}
}
  
@article{gerstenberger2018enabling,
author = {Gerstenberger, Robert and Besta, Maciej and Hoefler, Torsten},
title = {Enabling Highly Scalable Remote Memory Access Programming with MPI-3 One Sided},
year = {2018},
issue_date = {September 2018},
publisher = {Association for Computing Machinery},
address = {New York, NY, USA},
volume = {61},
number = {10},
issn = {0001-0782},
url = {https://doi-org.lib-e2.lib.ttu.edu/10.1145/3264413},
doi = {10.1145/3264413},
journal = {Commun. ACM},
month = sep,
pages = {106–113},
numpages = {8}
}

@inproceedings{ramos2013modeling,
author = {Ramos, Sabela and Hoefler, Torsten},
title = {Modeling Communication in Cache-Coherent SMP Systems: A Case-Study with Xeon Phi},
year = {2013},
isbn = {9781450319102},
publisher = {Association for Computing Machinery},
address = {New York, NY, USA},
url = {https://doi.org/10.1145/2462902.2462916},
doi = {10.1145/2462902.2462916},
booktitle = {Proceedings of the 22nd International Symposium on High-Performance Parallel and Distributed Computing},
pages = {97–108},
numpages = {12},
keywords = {communication modeling, shared memory systems, Intel Xeon Phi, cache coherency},
location = {New York, New York, USA},
series = {HPDC ’13}
}

@inproceedings{babka2009investigating,
  title={Investigating cache parameters of x86 family processors},
  author={Babka, Vlastimil and T{\uu}ma, Petr},
  booktitle={SPEC Benchmark Workshop},
  pages={77--96},
  year={2009},
  organization={Springer}
}

@inproceedings{yoo2013performance,
author = {Yoo, Richard M. and Hughes, Christopher J. and Lai, Konrad and Rajwar, Ravi},
title = {Performance Evaluation of Intel® Transactional Synchronization Extensions for High-Performance Computing},
year = {2013},
isbn = {9781450323789},
publisher = {Association for Computing Machinery},
address = {New York, NY, USA},
url = {https://doi-org.lib-e2.lib.ttu.edu/10.1145/2503210.2503232},
doi = {10.1145/2503210.2503232},
booktitle = {Proceedings of the International Conference on High Performance Computing, Networking, Storage and Analysis},
articleno = {Article 19},
numpages = {11},
keywords = {high-performance computing, transactional memory},
location = {Denver, Colorado},
series = {SC ’13}
}

@inproceedings{hackenberg2009comparing,
  title={Comparing cache architectures and coherency protocols on x86-64 multicore SMP systems},
  author={Hackenberg, Daniel and Molka, Daniel and Nagel, Wolfgang E},
  booktitle={Proceedings of the 42Nd Annual IEEE/ACM International Symposium on microarchitecture},
  pages={413--422},
  year={2009}
}

@misc{lavin2018spatter,
    title={Spatter: A Tool for Evaluating Gather / Scatter Performance},
    author={Patrick Lavin and Jeffrey Young and Jason Riedy and Richard Vuduc and Aaron Vose and Dan Ernst},
    year={2018},
    eprint={1811.03743},
    archivePrefix={arXiv},
    primaryClass={cs.PF}
}
